@article{Article_01,
	author	=	"FirstName LastName",
	title =		"Title of The Article",
	journal = 	"Journal of Natural Language Processing",
	pages =		"251--258",
	volume =	13,
	number =	1,
	year = 		2006,
}

@book{Book_02,
	author =	"FirstNameA LastNameA and FirstNameB LastNameB and FirstNameC LastNameC and FirstNameD LastNameD",
	title =		"Title of The Book",
	publisher =	"The Association for Natural Language Processing",
	year = 		1988,
}

@inproceedings{Inproc_03,
	author =	"著者氏名1 and 著者氏名2 and 著者氏名3",
	title =		"論文タイトル",
	booktitle =	"プロシーディングスの名前",
	year =		1986,
}

@techreport{Techrep_05,
	author =	"著者氏名1 and 著者氏名2 and 著者氏名3 and 著者氏名4",
	title =		"技報タイトル",
	institution =	"出版者",
	year =		1985,
}

@misc{Web_06,
	author =	"著者氏名",
	title =		"ホームページタイトル",
	note =	    "\url{http://www.pluto.ai.kyutech.ac.jp/NLP/}",
	year = 		"2017",
}

@misc{JLREQ,
    title =     "{W3C日本語組版タスクフォース．日本語組版の要件（日本語版）}",
    note =      "\url{https://www.w3.org/TR/jlreq/}",
    year =      "（2020-11閲覧）",
}

@misc{geek_plus,
        author  = {Geek+},
        title   = {EVEシリーズ},
        note    = {\url{https://www.geekplus.jp/product-2/poppick/?lan=JP}},
        year    = {2024}
}

@misc{lexxpluss,
        author  = {LexxPluss},
        title   = {hybrid-AMR},
        note    = {\url{https://lexxpluss.com/hybrid-amr/}},
        year    = {2024}
}

@misc{seqsense,
        author  = {SEQSENSE},
        title   = {次世代警備をリードする 自律移動型警備ロボット SQ-2},
        note    = {\url{https://lexxpluss.com/hybrid-amr/}},
        year    = {2024}
}

@misc{ugo,
        author  = {ugo},
        title   = {警備DXソリューション},
        note    = {\url{https://ugo.plus/security-dx-solution/}},
        year    = {2024}
}

@misc{e_cat,
        author  = {CuboRex},
        title   = {E-cat kit2},
        note    = {\url{https://cuborex.com/product/?id=6}},
        year    = {2023}
}

@misc{cugo,
        author  = {CuboRex},
        title   = {CuGo V4},
        note    = {\url{https://cuborex.com/product/?id=9}},
        year    = {2023}
}

@misc{cugo_ros,
        author  = {CuboRex},
        title   = {不整地向けのロボット開発を加速！汎用クローラユニット「CuGo」シリーズ最新作 ROS開発キットを販売開始},
        note    = {\url{https://prtimes.jp/main/html/rd/p/000000057.000022568.html}},
        year    = {2023}
}

@misc{clas,
        author  = {みちびき},
        title   = {センチメータ級測位補強サービス},
        note    = {\url{https://qzss.go.jp/overview/services/sv06_clas.html}},
        year    = {2024}
}
